%% This BibTeX bibliography file was created using BibDesk.
%% http://bibdesk.sourceforge.net/

%% Saved with string encoding Unicode (UTF-8) 

@inproceedings{KaVe00:Portfolios,
	Author = {Kalai, A. and Vempala, S.},
	Booktitle = {FOCS},
	Pages = {486--491},
	Title = {Efficient algorithms for universal portfolios},
	Year = {2000},
	Bdsk-Url-1 = {http://dx.doi.org/10.1109/SFCS.2000.892136}}

@article{KaVe05,
	Author = {Kalai, Adam and Vempala, Santosh},
	Journal = {Journal of Computer and System Sciences},
	Number = {3},
	Pages = {291--307},
	Rating = {0},
	Title = {Efficient algorithms for online decision problems},
	Volume = {71},
	Year = {2005}}

@inproceedings{KaVe03,
	Author = {Kalai, A. and Vempala, S.},
	Booktitle = {COLT},
	Pages = {26--40},
	Publisher = {Springer},
	Title = {Efficient algorithms for the online decision problem},
	Year = {2003}}

@article{OrCo98,
	Author = {Ordentlich, E. and Cover, T.},
	Journal = {Mathematics of Operations Research},
	Pages = {960--982},
	Title = {The cost of achieving the best portfolio in hindsight},
	Volume = {23},
	Year = {1998}}

@article{CO96,
	Author = {Cover, T. and Ordentlich, E.},
	Journal = {IEEE Transactions on Information Theory},
	Number = 2,
	Pages = {348--363},
	Title = {Universal Portfolios with Side Information},
	Volume = 42,
	Year = 1996}

@article{gaivoronski2000stochastic,
	Author = {Gaivoronski, A.A. and Stella, F.},
	Journal = {Annals of Operations Research},
	Number = {1--4},
	Pages = {165--188},
	Publisher = {Springer},
	Title = {Stochastic nonstationary optimization for finding universal portfolios},
	Volume = {100},
	Year = {2000}}

@book{CBLu06:book,
	Address = {New York, NY, USA},
	Author = {Cesa-Bianchi, N. and Lugosi, G.},
	Publisher = {Cambridge University Press},
	Title = {Prediction, Learning, and Games},
	Year = {2006}}

@inproceedings{MF92,
	Author = {Merhav, N. and Feder, M.},
	Booktitle = {COLT},
	Pages = {413---427},
	Publisher = {ACM Press},
	Title = {Universal Sequential Learning and Decision from Individual Data Sequences},
	Year = 1992}

@article{MF93,
	Author = {Merhav, N. and Feder, M.},
	Journal = {IEEE Transactions on Information Theory},
	Number = 4,
	Pages = {1280--1292},
	Title = {Universal Schemes for Sequential Decision from Individual Data Sequences},
	Volume = 39,
	Year = 1993}

@article{Han57,
	Author = {Hannan, J.},
	Journal = {Contributions to the theory of games},
	Pages = {97--139},
	Title = {Approximation to {B}ayes risk in repeated play},
	Volume = {3},
	Year = {1957}}

@inproceedings{kakade2009mind,
	Author = {Kakade, S. M. and Shalev-Shwartz, S.},
	Booktitle = {Advances in Neural Information Processing Systems},
	Pages = {1457--1464},
	Title = {Mind the duality gap: Logarithmic regret algorithms for online optimization},
	Year = {2009}}

@inproceedings{orabona2012beyond,
	Author = {Orabona, F. and Cesa-Bianchi, N. and Gentile, C.},
	Booktitle = {AISTATS},
	Pages = {823--831},
	Title = {Beyond logarithmic bounds in online learning},
	Year = {2012}}

@incollection{hazan2006logarithmic,
	Author = {Hazan, E. and Kalai, A. and Kale, S. and Agarwal, A.},
	Booktitle = {COLT},
	Pages = {499--513},
	Publisher = {Springer},
	Title = {Logarithmic regret algorithms for online convex optimization},
	Year = {2006}}

@article{garber2014faster,
	Author = {Garber, D. and Hazan, E.},
	Journal = {arXiv preprint arXiv:1406.1305},
	Title = {Faster rates for the {F}rank-{W}olfe method over strongly-convex sets},
	Year = {2014}}

@article{vanerven2015fast,
	Author = {van Erven, T. and Gr\"unwald, P. and Mehta, N. and Reid, M. and Williamson, R.},
	Date-Added = {2016-05-17 18:02:25 +0000},
	Date-Modified = {2016-05-17 18:02:25 +0000},
	Journal = {Journal of Machine Learning Research},
	Note = {Special issue in Memory of Alexey Chervonenkis},
	Pages = {1793-1861},
	Title = {Fast Rates in Statistical and Online Learning},
	Volume = {16},
	Year = 2015}

@article{hazan2007logarithmic,
	Author = {Hazan, E. and Agarwal, A. and Kale, S.},
	Journal = {Machine Learning},
	Number = {2-3},
	Pages = {169--192},
	Publisher = {Springer},
	Title = {Logarithmic regret algorithms for online convex optimization},
	Volume = {69},
	Year = {2007}}

@inproceedings{bartlett2007adaptive,
	Author = {Bartlett, P.L. and Hazan, E. and Rakhlin, A.},
	Booktitle = {NIPS},
	Pages = {65--72},
	Title = {Adaptive online gradient descent},
	Year = {2007}}

@inproceedings{foster2015adaptive,
	Author = {Foster, D.J. and Rakhlin, A. and Sridharan, K.},
	Booktitle = {NIPS},
	Pages = {3357--3365},
	Title = {Adaptive online learning},
	Year = {2015}}

@book{bertsekas99nonlinear,
	Address = {Belmont, MA},
	Author = {Bertsekas, D.},
	Publisher = {Athena Scientific},
	Title = {Nonlinear Programming},
	Year = {1999}}

@inproceedings{abernethy2008optimal,
	Author = {Abernethy, J. and Bartlett, P.L. and Rakhlin, A. and Tewari, A.},
	Booktitle = {COLT},
	Title = {Optimal strategies and minimax lower bounds for online convex games},
	Year = {2008}}

@inproceedings{bubeck2012best,
	Author = {Bubeck, S. and Slivkins, A.},
	Booktitle = {COLT},
	Pages = {42.1--42.23},
	Series = {JMLR Workshop and Conference Proceedings},
	Title = {The best of both worlds: stochastic and adversarial bandits},
	Volume = {23},
	Year = {2012}}

@inproceedings{sani2014exploiting,
	Author = {Sani, A. and Neu, G. and Lazaric, A.},
	Booktitle = {NIPS},
	Pages = {810--818},
	Title = {Exploiting easy data in online optimization},
	Year = {2014}}

@article{LePo66,
author = {Levitin, E.S. and Polyak, B.T.},
title = {Constrained minimization methods},
journal = {USSR Computational Mathematics and Mathematical Physics},
year = {1966},
volume = {6},
number = {5},
pages = {1--50},
}

